@book{clayout,
    author    = "W. Richard Stevens",
    title     = "Advanced Programming in the UNIX Environment",
    date      = "2013",
    publisher = "Pearson Education",
    address   = "Ann Arbor, Michigan, USA",
    isbn      = "978-0321637734",
    edition   = "3"
}

@book{dragon,
    author    = "Alfred V. Aho and Monica S. Lam and Ravi Sethi and Jeffrey D. Ullman",
    title     = "Compilers: Principles, Techniques, and Tools",
    date      = "2007",
    publisher = "Pearson Education, Inc.",
    address   = "Boston, USA",
    isbn      = "978-0321486813"
}
